%% LaTeX2e file `Mask Detection.bib'
%% generated by the `filecontents' environment
%% from source `"Mask Detection"' on 2022/01/06.
%%
@misc{WinNT,
  title = {{MS Windows NT} Kernel Description},
  unpublished = {\url{http://web.archive.org/web/20080207010024/http://www.808multimedia.com/winnt/kernel.htm}},
  note = {Accessed: 2010-09-30}
}
