@misc{facemd,
  title = {Face Mask Detection},
  howpublished = {\url{https://www.kaggle.com/andrewmvd/face-mask-detection}},
  note = {Accessed: 2022-01-12}
}
@misc{face12k,
  title = {Face Mask Detection ~12K Images Dataset},
  howpublished = {\url{https://www.kaggle.com/ashishjangra27/face-mask-12k-images-dataset}},
  note = {Accessed: 2022-01-12}
}

@misc{odm,
  title = {Object Detection Metrics},
  howpublished = {\url{https://github.com/rafaelpadilla/Object-Detection-Metrics}},
  note = {Accessed: 2022-01-12}
}

